% This file was created with JabRef 2.11b3.
% Encoding: UTF-8

@article{BickelLevina_2008,
  title={Covariance regularization by thresholding},
  author={Bickel, Peter J and Levina, Elizaveta},
  journal={The Annals of Statistics},
  volume={36},
  number={6},
  pages={2577--2604},
  year={2008},
  publisher={Institute of Mathematical Statistics}
}

@article{bickel2008regularized,
  title={Regularized estimation of large covariance matrices},
  author={Bickel, Peter J and Levina, Elizaveta},
  journal={The Annals of Statistics},
  volume={36},
  number={1},
  pages={199--227},
  year={2008},
  publisher={Institute of Mathematical Statistics}
}

@Article{bickel2009simultaneous,
  Title                    = {Simultaneous analysis of Lasso and Dantzig selector},
  Author                   = {Bickel, Peter J and Ritov, Ya'acov and Tsybakov, Alexandre B},
  Journal                  = {The Annals of Statistics},
  Year                     = {2009},
  Pages                    = {1705--1732},

  Publisher                = {JSTOR}
}

@article{benjamini1995controlling,
  title={Controlling the false discovery rate: a practical and powerful approach to multiple testing},
  author={Benjamini, Yoav and Hochberg, Yosef},
  journal={Journal of the Royal statistical society: series B (Methodological)},
  volume={57},
  number={1},
  pages={289--300},
  year={1995},
  publisher={Wiley Online Library}
}

@Article{fan2014endogeneity,
  Title                    = {Endogeneity in high dimensions},
  Author                   = {Fan, Jianqing and Liao, Yuan},
  Journal                  = {Annals of statistics},
  Year                     = {2014},
  Number                   = {3},
  Pages                    = {872},
  Volume                   = {42},

  Publisher                = {NIH Public Access}
}

@Article{vanderGeerRitov2014,
  Title                    = {On asymptotically optimal confidence regions and tests for high-dimensional models},
  Author                   = {Van de Geer, Sara and B{\"u}hlmann, Peter and Ritov, Yaâ€™acov and Dezeure, Ruben and others},
  Journal                  = {The Annals of Statistics},
  Year                     = {2014},
  Number                   = {3},
  Pages                    = {1166--1202},
  Volume                   = {42},

  Publisher                = {Institute of Mathematical Statistics}
}

@article{tan2006regression,
  title={Regression and weighting methods for causal inference using instrumental variables},
  author={Tan, Zhiqiang},
  journal={Journal of the American Statistical Association},
  volume={101},
  number={476},
  pages={1607--1618},
  year={2006},
  publisher={Taylor \& Francis}
}

@article{abadie2003semiparametric,
  title={Semiparametric instrumental variable estimation of treatment response models},
  author={Abadie, Alberto},
  journal={Journal of econometrics},
  volume={113},
  number={2},
  pages={231--263},
  year={2003},
  publisher={Elsevier}
}

@article{abadieangristimbens2002quantile,
  title={Instrumental variables estimates of the effect of subsidized training on the quantiles of trainee earnings},
  author={Abadie, Alberto and Angrist, Joshua and Imbens, Guido},
  journal={Econometrica},
  volume={70},
  number={1},
  pages={91--117},
  year={2002},
  publisher={Wiley Online Library}
}

@article{liu2013gaussian,
  title={Gaussian graphical model estimation with false discovery rate control},
  author={Liu, Weidong},
  journal={The Annals of Statistics},
  pages={2948--2978},
  year={2013},
  publisher={JSTOR}
}

@article{CaiLiuLuo2011constrained,
  title={A constrained $\ell_{1}$ minimization approach to sparse precision matrix estimation},
  author={Cai, Tony and Liu, Weidong and Luo, Xi},
  journal={Journal of the American Statistical Association},
  volume={106},
  number={494},
  pages={594--607},
  year={2011},
  publisher={Taylor \& Francis}
}

@article{cai2016estimating,
  title={Estimating sparse precision matrix: Optimal rates of convergence and adaptive estimation},
  author={Cai, T Tony and Liu, Weidong and Zhou, Harrison H and others},
  journal={The Annals of Statistics},
  volume={44},
  number={2},
  pages={455--488},
  year={2016},
  publisher={Institute of Mathematical Statistics}
}

@article{Cai_Liu,
    author = {T. Tony Cai and Weidong Liu},
    title = {Large-Scale Multiple Testing of Correlations},
    journal = {Journal of the American Statistical Association},
    volume = {111},
    number = {513},
    pages = {229-240},
    year  = {2016},
    publisher = {Taylor & Francis},
    doi = {10.1080/01621459.2014.999157},
        note ={PMID: 27284211},
}

@article{heckman1985alternative,
  title={Alternative methods for evaluating the impact of interventions: An overview},
  author={Heckman, James J and Robb, Richard},
  journal={Journal of econometrics},
  volume={30},
  number={1},
  pages={239--267},
  year={1985},
  publisher={Elsevier}
}

@article{angrist1996identification,
  title={Identification of causal effects using instrumental variables},
  author={Angrist, Joshua D and Imbens, Guido W and Rubin, Donald B},
  journal={Journal of the American statistical Association},
  volume={91},
  number={434},
  pages={444--455},
  year={1996},
  publisher={Taylor \& Francis}
}

@article{Belloni2015postselectionZestimation,
  title={Uniform post-selection inference for leaset absolute deviation regression and other Z-estimation problems},
  author={Belloni, A. and Chernozhukov, V. and Kato, K.},
  journal={Biometrika},
  volume={102},
  number={1},
  pages={77-94},
  year={2015},
}
@article{belloni2014RES,
  title={Inference on treatment effects after selection among high-dimensional controls},
  author={Belloni, Alexandre and Chernozhukov, Victor and Hansen, Christian},
  journal={The Review of Economic Studies},
  volume={81},
  number={2},
  pages={608--650},
  year={2014},
  publisher={Oxford University Press}
}
@article{belloni2017program,
  title={Program Evaluation and Causal Inference With High-Dimensional Data},
  author={Belloni, Alexandre and Chernozhukov, Victor and Fern{\'a}ndez-Val, Ivan and Hansen, Christian},
  journal={Econometrica},
  volume={85},
  number={1},
  pages={233--298},
  year={2017},
  publisher={Wiley Online Library}
}

@article{qiu2021inference,
  title={Inference of heterogeneous treatment effects using observational data with high-dimensional covariates},
  author={Qiu, Yumou and Tao, Jing and Zhou, Xiao-Hua},
  journal={Journal of the Royal Statistical Society: Series B (Statistical Methodology)},
  year={2021},
  publisher={Wiley Online Library}
}

@article{friedman2008sparse,
  title={Sparse inverse covariance estimation with the graphical lasso},
  author={Friedman, Jerome and Hastie, Trevor and Tibshirani, Robert},
  journal={Biostatistics},
  volume={9},
  number={3},
  pages={432--441},
  year={2008},
  publisher={Oxford University Press}
}

@article{jankova2016confidence,
  title={Confidence regions for high-dimensional generalized linear models under sparsity},
  author={Jankov{\'a}, Jana and van de Geer, Sara},
  journal={arXiv preprint arXiv:1610.01353},
  year={2016}
}

@book{petrov2012sums,
  title={Sums of independent random variables},
  author={Petrov, Valentin Vladimirovich},
  volume={82},
  year={2012},
  publisher={Springer Science \& Business Media}
}

@book{AngristPischke2008,
  title={Mostly Harmless Econometrics: An Empiricist's Companion},
  author={Angrist, J.D. and Pischke, J.-S.},
  year={2008},
  publisher={Princeton University Press}
}

@book{ImbensRubin2015,
  title={Causal Inference for Statistics, Social, and Biomedical Sciences: An Introduction},
  author={Imbens, G.W. and Rubin, D.B.},
  year={2015},
  publisher={Cambridge University Press}    
}

@article{ImbensAngrist1994identification,
  title={Identification and Estimation of Local Average Treatment Effects},
  author={Imbens, Guido W and Angrist, Joshua D},
  journal={Econometrica},
  volume={62},
  number={2},
  pages={467--475},
  year={1994},
  publisher={Citeseer}
}

@article{loh2012,
author = "Loh, Po-Ling and Wainwright, Martin J.",
doi = "10.1214/12-AOS1018",
fjournal = "The Annals of Statistics",
journal = "Ann. Statist.",
month = "06",
number = "3",
pages = "1637--1664",
publisher = "The Institute of Mathematical Statistics",
title = "High-dimensional regression with noisy and missing data: Provable guarantees with nonconvexity",
url = "https://doi.org/10.1214/12-AOS1018",
volume = "40",
year = "2012"
}

@article{loh2017,
author = "Loh, Po-Ling",
doi = "10.1214/16-AOS1471",
fjournal = "The Annals of Statistics",
journal = "Ann. Statist.",
month = "04",
number = "2",
pages = "866--896",
publisher = "The Institute of Mathematical Statistics",
title = "Statistical consistency and asymptotic normality for high-dimensional robust $M$-estimators",
url = "https://doi.org/10.1214/16-AOS1471",
volume = "45",
year = "2017"
}

@article{merlevede2011bernstein,
  title={A Bernstein type inequality and moderate deviations for weakly dependent sequences},
  author={Merlev{\`e}de, Florence and Peligrad, Magda and Rio, Emmanuel},
  journal={Probability Theory and Related Fields},
  volume={151},
  number={3-4},
  pages={435--474},
  year={2011},
  publisher={Springer}
}

@article{datta2017cocolasso,
  title={Cocolasso for high-dimensional error-in-variables regression},
  author={Datta, Abhirup and Zou, Hui and others},
  journal={The Annals of Statistics},
  volume={45},
  number={6},
  pages={2400--2426},
  year={2017},
  publisher={Institute of Mathematical Statistics}
}

@article{chernozhukov2013gaussian,
  title={Gaussian approximations and multiplier bootstrap for maxima of sums of high-dimensional random vectors},
  author={Chernozhukov, Victor and Chetverikov, Denis and Kato, Kengo and others},
  journal={The Annals of Statistics},
  volume={41},
  number={6},
  pages={2786--2819},
  year={2013},
  publisher={Institute of Mathematical Statistics}
}

@article{AtheyWager2017,
  title={Estimation and inference of heterogeneous treatment effects using random forests},
  author={Wager, Stefan and Athey, Susan},
  journal={Journal of the American Statistical Association},
  number={forthcoming},
  year={2017},
  publisher={Taylor \& Francis}
}

@article{Ning17,
author = "Ning, Yang and Liu, Han",
doi = "10.1214/16-AOS1448",
fjournal = "The Annals of Statistics",
journal = "Ann. Statist.",
month = "02",
number = "1",
pages = "158--195",
publisher = "The Institute of Mathematical Statistics",
title = "A general theory of hypothesis tests and confidence regions for sparse high dimensional models",
url = "https://doi.org/10.1214/16-AOS1448",
volume = "45",
year = "2017"
}

@article{ZZ14,
	Author = {C.-H. Zhang and S. Zhang},
	Date-Added = {2017-01-11 04:07:28 +0000},
	Date-Modified = {2017-08-17 17:15:37 +0000},
	Doi = {10.1111/rssb.12026},
	Issn = {1467-9868},
	Journal = {J. R. Stat. Soc. Ser. B. Stat. Methodol.},
	Keywords = {Confidence interval, High dimension, Linear regression model, p-value, Statistical inference},
	Number = {1},
	Pages = {217--242},
	Title = {Confidence intervals for low dimensional parameters in high dimensional linear models},
	Url = {http://dx.doi.org/10.1111/rssb.12026},
	Volume = {76},
	Year = {2014},
	Bdsk-Url-1 = {http://dx.doi.org/10.1111/rssb.12026}}

@article{JM14,
	Author = {A. Javanmard and A. Montanari},
	Date-Added = {2017-01-12 14:30:33 +0000},
	Date-Modified = {2017-08-18 00:39:58 +0000},
	Journal = {J. Mach. Learn. Res.},
	Pages = {2869--2909},
	Title = {Confidence intervals and hypothesis testing for high-dimensional regression},
	Volume = {15},
	Year = {2014}}

@article{imai2013estimating,
  title={Estimating treatment effect heterogeneity in randomized program evaluation},
  author={Imai, Kosuke and Ratkovic, Marc and others},
  journal={The Annals of Applied Statistics},
  volume={7},
  number={1},
  pages={443--470},
  year={2013},
  publisher={Institute of Mathematical Statistics}
}

@article{tian2014simple,
  title={A simple method for estimating interactions between a treatment and a large number of covariates},
  author={Tian, Lu and Alizadeh, Ash A and Gentles, Andrew J and Tibshirani, Robert},
  journal={Journal of the American Statistical Association},
  volume={109},
  number={508},
  pages={1517--1532},
  year={2014},
  publisher={Taylor \& Francis}
}

@article{westreich2010propensity,
  title={Propensity score estimation: neural networks, support vector machines, decision trees (CART), and meta-classifiers as alternatives to logistic regression},
  author={Westreich, Daniel and Lessler, Justin and Funk, Michele Jonsson},
  journal={Journal of clinical epidemiology},
  volume={63},
  number={8},
  pages={826--833},
  year={2010},
  publisher={Elsevier}
}

@article{BonettiGelber2004,
  title={Patterns of treatment effects in subsets of patients in clinical trials},
  author={Bonetti, Marco and Gelber, Richard D},
  journal={Biostatistics},
  volume={5},
  number={3},
  pages={465--481},
  year={2004},
  publisher={Oxford University Press}
}


@article{sauerbrei2007detecting,
  title={Detecting an interaction between treatment and a continuous covariate: A comparison of two approaches},
  author={Sauerbrei, Willi and Royston, Patrick and Zapien, Karina},
  journal={Computational statistics \& data analysis},
  volume={51},
  number={8},
  pages={4054--4063},
  year={2007},
  publisher={Elsevier}
}

@article{su2008interaction,
  title={Interaction trees with censored survival data},
  author={Su, Xiaogang and Zhou, Tianni and Yan, Xin and Fan, Juanjuan and Yang, Song},
  journal={The international journal of biostatistics},
  volume={4},
  number={1},
  year={2008},
  publisher={De Gruyter}
}

@article{TianTibshirani2010,
  title={Adaptive index models for marker-based risk stratification},
  author={Tian, Lu and Tibshirani, Robert},
  journal={Biostatistics},
  volume={12},
  number={1},
  pages={68--86},
  year={2010},
  publisher={Oxford University Press}
}

@article{tibshirani1996regression,
  title={Regression shrinkage and selection via the lasso},
  author={Tibshirani, Robert},
  journal={Journal of the Royal Statistical Society: Series B (Methodological)},
  volume={58},
  number={1},
  pages={267--288},
  year={1996},
  publisher={Wiley Online Library}
}

@article{zhao2012estimating,
  title={Estimating individualized treatment rules using outcome weighted learning},
  author={Zhao, Yingqi and Zeng, Donglin and Rush, A John and Kosorok, Michael R},
  journal={Journal of the American Statistical Association},
  volume={107},
  number={499},
  pages={1106--1118},
  year={2012},
  publisher={Taylor \& Francis}
}

@article{chipman1998bayesian,
  title={Bayesian CART model search},
  author={Chipman, Hugh A and George, Edward I and McCulloch, Robert E},
  journal={Journal of the American Statistical Association},
  volume={93},
  number={443},
  pages={935--948},
  year={1998},
  publisher={Taylor \& Francis}
}

@article{gustafson2000bayesian,
  title={Bayesian regression modeling with interactions and smooth effects},
  author={Gustafson, Paul},
  journal={Journal of the American Statistical Association},
  volume={95},
  number={451},
  pages={795--806},
  year={2000},
  publisher={Taylor \& Francis}
}

article{finkelstein2012QJE,
  title={The Oregon health insurance experiment: evidence from the first year},
  author={Finkelstein, Amy and Taubman, Sarah and Wright, Bill and Bernstein, Mira and Gruber, Jonathan and Newhouse, Joseph P and Allen, Heidi and Baicker, Katherine and Oregon Health Study Group},
  journal={The Quarterly journal of economics},
  volume={127},
  number={3},
  pages={1057--1106},
  year={2012},
  publisher={MIT Press}
}

@article{baicker2013oregon,
  title={The Oregon experimentâ€”effects of Medicaid on clinical outcomes},
  author={Baicker, Katherine and Taubman, Sarah L and Allen, Heidi L and Bernstein, Mira and Gruber, Jonathan H and Newhouse, Joseph P and Schneider, Eric C and Wright, Bill J and Zaslavsky, Alan M and Finkelstein, Amy N},
  journal={New England Journal of Medicine},
  volume={368},
  number={18},
  pages={1713--1722},
  year={2013},
  publisher={Mass Medical Soc}
}

@article{chakraborty2014dynamic,
  title={Dynamic treatment regimes},
  author={Chakraborty, Bibhas and Murphy, Susan A},
  journal={Annual review of statistics and its application},
  volume={1},
  pages={447--464},
  year={2014},
  publisher={Annual Reviews}
}

@article{baicker2014impact,
  title={The impact of Medicaid on labor market activity and program participation: evidence from the Oregon Health Insurance Experiment},
  author={Baicker, Katherine and Finkelstein, Amy and Song, Jae and Taubman, Sarah},
  journal={American Economic Review},
  volume={104},
  number={5},
  pages={322--28},
  year={2014}
}

@article{taubman2014medicaid,
  title={Medicaid increases emergency-department use: evidence from Oregon's Health Insurance Experiment},
  author={Taubman, Sarah L and Allen, Heidi L and Wright, Bill J and Baicker, Katherine and Finkelstein, Amy N},
  journal={Science},
  volume={343},
  number={6168},
  pages={263--268},
  year={2014},
  publisher={American Association for the Advancement of Science}
}

@article{finkelstein2016effect,
  title={Effect of Medicaid coverage on ED useâ€”further evidence from Oregonâ€™s experiment},
  author={Finkelstein, Amy N and Taubman, Sarah L and Allen, Heidi L and Wright, Bill J and Baicker, Katherine},
  journal={New England Journal of Medicine},
  volume={375},
  number={16},
  pages={1505--1507},
  year={2016},
  publisher={Mass Medical Soc}
}

@book{buhlmann2011,
  title={Statistics for high-dimensional data: methods, theory and applications},
  author={B{\"u}hlmann, Peter and Van De Geer, Sara},
  year={2011},
  publisher={Springer Science \& Business Media}
}

@inproceedings{duchi2008,
  title={Efficient projections onto the l 1-ball for learning in high dimensions},
  author={Duchi, John and Shalev-Shwartz, Shai and Singer, Yoram and Chandra, Tushar},
  booktitle={Proceedings of the 25th international conference on Machine learning},
  pages={272--279},
  year={2008},
  organization={ACM}
}

@book{FanYao_2008,
  title={Nonlinear time series: nonparametric and parametric methods},
  author={Fan, Jianqing and Yao, Qiwei},
  year={2008},
  publisher={Springer Science \& Business Media}
}

@article{rosenbaum1983,
  title={The central role of the propensity score in observational studies for causal effects},
  author={Rosenbaum, Paul R and Rubin, Donald B},
  journal={Biometrika},
  volume={70},
  number={1},
  pages={41--55},
  year={1983},
  publisher={Oxford University Press}
}

@article{hirano2003,
  title={Efficient estimation of average treatment effects using the estimated propensity score},
  author={Hirano, Keisuke and Imbens, Guido W and Ridder, Geert},
  journal={Econometrica},
  volume={71},
  number={4},
  pages={1161--1189},
  year={2003},
  publisher={Wiley Online Library}
}

@article{GW_2006,
 author = {Christopher R. Genovese and Larry Wasserman},
 journal = {Journal of the American Statistical Association},
 number = {476},
 pages = {1408--1417},
 publisher = {[American Statistical Association, Taylor & Francis, Ltd.]},
 title = {Exceedance Control of the False Discovery Proportion},
 volume = {101},
 year = {2006}
}

@article{craddock2013neuro,
  title={The neuro bureau preprocessing initiative: open sharing of preprocessed neuroimaging data and derivatives},
  author={Craddock, Cameron and Benhajali, Yassine and Chu, Carlton and Chouinard, Francois and Evans, Alan and Jakab, Andr{\'a}s and Khundrakpam, Budhachandra Singh and Lewis, John David and Li, Qingyang and Milham, Michael and Yan, Chaogan and Bellec, Pierre},
  journal={Frontiers in Neuroinformatics},
  volume={7},
  pages={27},
  year={2013}
}

@article{di2014autism,
  title={The autism brain imaging data exchange: towards a large-scale evaluation of the intrinsic brain architecture in autism},
  author={Di Martino, Adriana and Yan, Chao-Gan and Li, Qingyang and Denio, Erin and Castellanos, Francisco X and Alaerts, Kaat and Anderson, Jeffrey S and Assaf, Michal and Bookheimer, Susan Y and Dapretto, Mirella and others},
  journal={Molecular psychiatry},
  volume={19},
  number={6},
  pages={659--667},
  year={2014},
  publisher={Nature Publishing Group}
}


@article{tzourio2002automated,
  title={Automated anatomical labeling of activations in SPM using a macroscopic anatomical parcellation of the MNI MRI single-subject brain},
  author={Tzourio-Mazoyer, Nathalie and Landeau, Brigitte and Papathanassiou, Dimitri and Crivello, Fabrice and Etard, Olivier and Delcroix, Nicolas and Mazoyer, Bernard and Joliot, Marc},
  journal={Neuroimage},
  volume={15},
  number={1},
  pages={273--289},
  year={2002},
  publisher={Academic Press}
}


@article{xia2013brainnet,
  title={BrainNet Viewer: a network visualization tool for human brain connectomics},
  author={Xia, Mingrui and Wang, Jinhui and He, Yong},
  journal={PloS one},
  volume={8},
  number={7},
  pages={e68910},
  year={2013},
  publisher={Public Library of Science}
}


@article{liu2020alterations,
  title={Alterations of functional connectivities associated with autism spectrum disorder symptom severity: a multi-site study using multivariate pattern analysis},
  author={Liu, Xingdan and Huang, Huifang},
  journal={Scientific reports},
  volume={10},
  number={1},
  pages={1--13},
  year={2020},
  publisher={Nature Publishing Group}
}


@misc{CDC,
 author = {{Centers for Disease Control and Prevention}},
 year = {2019},
 title = {Signs and Symptoms of Autism Spectrum Disorders},
 url = {https://www.cdc.gov/ncbddd/autism/signs.html},
 urldate = {2020-12-10},
 journal = {Internet},
 howpublished = {Available at \url{https://www.cdc.gov/ncbddd/autism/signs.html}}
}


@article{alaerts2016sex,
  title={Sex differences in autism: a resting-state fMRI investigation of functional brain connectivity in males and females},
  author={Alaerts, Kaat and Swinnen, Stephan P and Wenderoth, Nicole},
  journal={Social cognitive and affective neuroscience},
  volume={11},
  number={6},
  pages={1002--1016},
  year={2016},
  publisher={Oxford University Press}
}

@article{bielau2005volume,
  title={Volume deficits of subcortical nuclei in mood disorders},
  author={Bielau, Hendrik and Tr{\"u}bner, Kurt and Krell, Dieter and Agelink, Marcus W and Bernstein, H--G and Stauch, Renate and Mawrin, Christian and Danos, Peter and Gerhard, Lieselotte and Bogerts, Bernhard and others},
  journal={European archives of psychiatry and clinical neuroscience},
  volume={255},
  number={6},
  pages={401--412},
  year={2005},
  publisher={Springer}
}

@article{koshiyama2018role,
  title={Role of subcortical structures on cognitive and social function in schizophrenia},
  author={Koshiyama, Daisuke and Fukunaga, Masaki and Okada, Naohiro and Yamashita, Fumio and Yamamori, Hidenaga and Yasuda, Yuka and Fujimoto, Michiko and Ohi, Kazutaka and Fujino, Haruo and Watanabe, Yoshiyuki and others},
  journal={Scientific reports},
  volume={8},
  number={1},
  pages={1--9},
  year={2018},
  publisher={Nature Publishing Group}
}

@article{meinshausen2006high,
  title={High-dimensional graphs and variable selection with the lasso},
  author={Meinshausen, Nicolai and B{\"u}hlmann, Peter},
  journal={The annals of statistics},
  volume={34},
  number={3},
  pages={1436--1462},
  year={2006},
  publisher={Institute of Mathematical Statistics}
}

@article{peng2009partial,
  title={Partial correlation estimation by joint sparse regression models},
  author={Peng, Jie and Wang, Pei and Zhou, Nengfeng and Zhu, Ji},
  journal={Journal of the American Statistical Association},
  volume={104},
  number={486},
  pages={735--746},
  year={2009},
  publisher={Taylor \& Francis}
}

@article{QZ2021,
  title={Inference on multi-level partial correlations based on multi-subject time series data},
  author={Qiu, Yumou and Xiao-Hua Zhou},
  journal={Journal of the American Statistical Association},
  year={2022},
  volume={117},
  number={540},
  pages={2268--2282},
  publisher={Taylor \& Francis}
}

@article{qiu2020estimating,
  title={Estimating c-level partial correlation graphs with application to brain imaging},
  author={Qiu, Yumou and Zhou, Xiao-Hua},
  journal={Biostatistics},
  volume={21},
  number={4},
  pages={641--658},
  year={2020},
  publisher={Oxford University Press}
}

@article{qiu2018,
  title={Detecting rare and faint signals via thresholding maximum likelihood estimators},
  author={Qiu, Yumou and Chen, Song Xi and Nettleton, Dan},
  journal={The Annals of Statistics},
  volume={46},
  number={2},
  pages={895--923},
  year={2018},
  publisher={Institute of Mathematical Statistics}
}

@article{ChangQiuYao_2016,
  title={Confidence regions for entries of a large precision matrix},
  author={Chang, Jinyuan and Qiu, Yumou and Yao, Qiwei and Zou, Tao},
  journal={Journal of Econometrics},
  volume={206},
  number={1},
  pages={57--82},
  year={2018},
  publisher={Elsevier}
}

@article{Huang_2010,
  title={Learning brain connectivity of Alzheimer's disease by sparse inverse covariance estimation},
  author={Huang, Shuai and Li, Jing and Sun, Liang and Ye, Jieping and Fleisher, Adam and Wu, Teresa and others},
  journal={NeuroImage},
  volume={50},
  number={3},
  pages={935--949},
  year={2010},
  publisher={Elsevier}
}

@article{supekar2008network,
  title={Network analysis of intrinsic functional brain connectivity in Alzheimer's disease},
  author={Supekar, Kaustubh and Menon, Vinod and Rubin, Daniel and Musen, Mark and Greicius, Michael D},
  journal={PLoS computational biology},
  volume={4},
  number={6},
  pages={e1000100},
  year={2008},
  publisher={Public Library of Science San Francisco, USA}
}


@article{esteban2020analysis,
  title={Analysis of task-based functional MRI data preprocessed with fMRIPrep},
  author={Esteban, Oscar and Ciric, Rastko and Finc, Karolina and Blair, Ross W and Markiewicz, Christopher J and Moodie, Craig A and Kent, James D and Goncalves, Mathias and DuPre, Elizabeth and Gomez, Daniel EP and others},
  journal={Nature protocols},
  volume={15},
  number={7},
  pages={2186--2202},
  year={2020},
  publisher={Nature Publishing Group}
}

@article{poldrack2013toward,
  title={Toward open sharing of task-based fMRI data: the OpenfMRI project},
  author={Poldrack, Russell A and Barch, Deanna M and Mitchell, Jason and Wager, Tor and Wagner, Anthony D and Devlin, Joseph T and Cumba, Chad and Koyejo, Oluwasanmi and Milham, Michael},
  journal={Frontiers in neuroinformatics},
  volume={7},
  pages={12},
  year={2013},
  publisher={Frontiers}
}

@article{bradley2005basic,
  title={Basic properties of strong mixing conditions. A survey and some open questions},
  author={Bradley, Richard C},
  journal={Probability surveys},
  volume={2},
  pages={107--144},
  year={2005},
  publisher={Institute of Mathematical Statistics and Bernoulli Society}
}

@book{saulis1991limit,
  title={Limit theorems for large deviations},
  author={Saulis, Leonas and Statulevicius, VA},
  volume={73},
  year={1991},
  publisher={Springer Science \& Business Media}
}

@article{backman1999case,
  title={Case Studies, Single-Subject Research, and N of 1 Randomized Trials: Comparisons and Contrasts1},
  author={Backman, Catherine L and Harris, Susan R},
  journal={American journal of physical medicine \& rehabilitation},
  volume={78},
  number={2},
  pages={170--176},
  year={1999},
  publisher={LWW}
}

@article{lillie2011n,
  title={The n-of-1 clinical trial: the ultimate strategy for individualizing medicine?},
  author={Lillie, Elizabeth O and Patay, Bradley and Diamant, Joel and Issell, Brian and Topol, Eric J and Schork, Nicholas J},
  journal={Personalized medicine},
  volume={8},
  number={2},
  pages={161--173},
  year={2011},
  publisher={Future Medicine}
}

@article{daza2018causal,
  title={Causal analysis of self-tracked time series data using a counterfactual framework for N-of-1 trials},
  author={Daza, Eric J},
  journal={Methods of information in medicine},
  volume={57},
  number={S 01},
  pages={e10--e21},
  year={2018},
  publisher={Schattauer GmbH}
}

@article{just2004cortical,
  title={Cortical activation and synchronization during sentence comprehension in high-functioning autism: evidence of underconnectivity},
  author={Just, Marcel Adam and Cherkassky, Vladimir L and Keller, Timothy A and Minshew, Nancy J},
  journal={Brain},
  volume={127},
  number={8},
  pages={1811--1821},
  year={2004},
  publisher={Oxford University Press}
}

@article{kana2014brain,
  title={Brain connectivity in autism},
  author={Kana, Rajesh K and Uddin, Lucina Q and Kenet, Tal and Chugani, Diane and M{\"u}ller, Ralph-Axel},
  journal={Frontiers in human neuroscience},
  volume={8},
  pages={349},
  year={2014},
  publisher={Frontiers}
}

@article{austin2015moving,
  title={Moving towards best practice when using inverse probability of treatment weighting (IPTW) using the propensity score to estimate causal treatment effects in observational studies},
  author={Austin, Peter C and Stuart, Elizabeth A},
  journal={Statistics in medicine},
  volume={34},
  number={28},
  pages={3661--3679},
  year={2015},
  publisher={Wiley Online Library}
}

@article{ma2020robust,
  title={Robust inference using inverse probability weighting},
  author={Ma, Xinwei and Wang, Jingshen},
  journal={Journal of the American Statistical Association},
  volume={115},
  number={532},
  pages={1851--1860},
  year={2020},
  publisher={Taylor \& Francis}
}

@article{rubin1974estimating,
  title={Estimating causal effects of treatments in randomized and nonrandomized studies.},
  author={Rubin, Donald B},
  journal={Journal of educational Psychology},
  volume={66},
  number={5},
  pages={688},
  year={1974},
  publisher={American Psychological Association}
}

@article{cao2009improving,
  title={Improving efficiency and robustness of the doubly robust estimator for a population mean with incomplete data},
  author={Cao, Weihua and Tsiatis, Anastasios A and Davidian, Marie},
  journal={Biometrika},
  volume={96},
  number={3},
  pages={723--734},
  year={2009},
  publisher={Oxford University Press}
}

@article{genovese2004stochastic,
  title={A stochastic process approach to false discovery control},
  author={Genovese, Christopher and Wasserman, Larry},
  journal={The annals of statistics},
  volume={32},
  number={3},
  pages={1035--1061},
  year={2004},
  publisher={Institute of Mathematical Statistics}
}

@article{van2004multipleA,
  title={{Multiple testing. Part II. Step-down procedures for control of the family-wise error rate}},
  author={van der Laan, Mark J and Dudoit, Sandrine and Pollard, Katherine S},
  journal={Statistical applications in genetics and molecular biology},
  volume={3},
  number={1},
  year={2004},
  sortyear = {2004-1},
  sortname = {van der Laan, Mark J and others},
  publisher={De Gruyter}
}

@article{van2004multiple,
  title={{Multiple testing. Part III. Procedures for control of the generalized family-wise error rate and proportion of false positives}},
  author={van der Laan, Mark J and Dudoit, Sandrine and Pollard, Katherine S},
  journal={U.C. Berkeley Division of Biostatistics Working Paper Series},
  year={2004},
  sortyear = {2004-2},
  sortname = {van der Laan, Mark J and others},
  publisher={bepress}
}

@article{wang2007altered,
  title={Altered functional connectivity in early Alzheimer's disease: A resting-state fMRI study},
  author={Wang, Kun and Liang, Meng and Wang, Liang and Tian, Lixia and Zhang, Xinqing and Li, Kuncheng and Jiang, Tianzi},
  journal={Human brain mapping},
  volume={28},
  number={10},
  pages={967--978},
  year={2007},
  publisher={Wiley Online Library}
}

@article{andrews2007disruption,
  title={Disruption of large-scale brain systems in advanced aging},
  author={Andrews-Hanna, Jessica R and Snyder, Abraham Z and Vincent, Justin L and Lustig, Cindy and Head, Denise and Raichle, Marcus E and Buckner, Randy L},
  journal={Neuron},
  volume={56},
  number={5},
  pages={924--935},
  year={2007},
  publisher={Elsevier}
}

@article{cribben2012dynamic,
  title={Dynamic connectivity regression: determining state-related changes in brain connectivity},
  author={Cribben, Ivor and Haraldsdottir, Ragnheidur and Atlas, Lauren Y and Wager, Tor D and Lindquist, Martin A},
  journal={Neuroimage},
  volume={61},
  number={4},
  pages={907--920},
  year={2012},
  publisher={Elsevier}
}

@article{allen2014tracking,
  title={Tracking whole-brain connectivity dynamics in the resting state},
  author={Allen, Elena A and Damaraju, Eswar and Plis, Sergey M and Erhardt, Erik B and Eichele, Tom and Calhoun, Vince D},
  journal={Cerebral cortex},
  volume={24},
  number={3},
  pages={663--676},
  year={2014},
  publisher={Oxford University Press}
}

@article{bullmore2009complex,
  title={Complex brain networks: graph theoretical analysis of structural and functional systems},
  author={Bullmore, Ed and Sporns, Olaf},
  journal={Nature reviews neuroscience},
  volume={10},
  number={3},
  pages={186--198},
  year={2009},
  publisher={Nature Publishing Group}
}

@article{marrelec2006partial,
  title={Partial correlation for functional brain interactivity investigation in functional MRI},
  author={Marrelec, Guillaume and Krainik, Alexandre and Duffau, Hugues and P{\'e}l{\'e}grini-Issac, M{\'e}lanie and Leh{\'e}ricy, St{\'e}phane and Doyon, Julien and Benali, Habib},
  journal={Neuroimage},
  volume={32},
  number={1},
  pages={228--237},
  year={2006},
  publisher={Elsevier}
}

@article{brown1998,
  title={Multivariate Bayesian variable selection and prediction},
  author={Brown, Philip J and Vannucci, Marina and Fearn, Tom},
  journal={Journal of the Royal Statistical Society: Series B (Statistical Methodology)},
  volume={60},
  number={3},
  pages={627--641},
  year={1998},
  publisher={Wiley Online Library}
}

@article{palaniyappan2013neural,
  title={Neural primacy of the salience processing system in schizophrenia},
  author={Palaniyappan, Lena and Simmonite, Molly and White, Thomas P and Liddle, Elizabeth B and Liddle, Peter F},
  journal={Neuron},
  volume={79},
  pages={814--828},
  year={2013},
  publisher={Elsevier}
}

@article{mohanty2020rethinking,
  title={Rethinking measures of functional connectivity via feature extraction},
  author={Mohanty, Rosaleena and Sethares, William A and Nair, Veena A and Prabhakaran, Vivek},
  journal={Scientific reports},
  volume={10},
  number={1},
  pages={1--17},
  year={2020},
  publisher={Nature Publishing Group}
}

@article{berto2022association,
  title={Association between resting-state functional brain connectivity and gene expression is altered in autism spectrum disorder},
  author={Berto, Stefano and Treacher, Alex H and Caglayan, Emre and Luo, Danni and Haney, Jillian R and Gandal, Michael J and Geschwind, Daniel H and Montillo, Albert A and Konopka, Genevieve},
  journal={Nature Communications},
  volume={13},
  number={1},
  pages={1--11},
  year={2022},
  publisher={Nature Publishing Group}
}

@article{narayan2016mixed,
  title={Mixed effects models for resampled network statistics improves statistical power to find differences in multi-subject functional connectivity},
  author={Narayan, Manjari and Allen, Genevera I},
  journal={Frontiers in neuroscience},
  volume={10},
  pages={108},
  year={2016},
  publisher={Frontiers Media SA}
}

@article{bang2005doubly,
  title={Doubly robust estimation in missing data and causal inference models},
  author={Bang, Heejung and Robins, James M},
  journal={Biometrics},
  volume={61},
  number={4},
  pages={962--973},
  year={2005},
  publisher={Wiley Online Library}
}

@article{rotnitzky2012improved,
  title={Improved double-robust estimation in missing data and causal inference models},
  author={Rotnitzky, Andrea and Lei, Quanhong and Sued, Mariela and Robins, James M},
  journal={Biometrika},
  volume={99},
  number={2},
  pages={439--456},
  year={2012},
  publisher={Oxford University Press}
}

@article{funk2011doubly,
  title={Doubly robust estimation of causal effects},
  author={Funk, Michele Jonsson and Westreich, Daniel and Wiesen, Chris and St{\"u}rmer, Til and Brookhart, M Alan and Davidian, Marie},
  journal={American journal of epidemiology},
  volume={173},
  number={7},
  pages={761--767},
  year={2011},
  publisher={Oxford University Press}
}

@article{rubin1978bayesian,
  title={Bayesian inference for causal effects: The role of randomization},
  author={Rubin, Donald B},
  journal={The Annals of statistics},
  pages={34--58},
  year={1978},
  publisher={JSTOR}
}

@article{li2022bayesian,
  title={Bayesian Causal Inference: A Critical Review},
  author={Li, Fan and Ding, Peng and Mealli, Fabrizia},
  journal={arXiv preprint arXiv:2206.15460},
  year={2022}
}

@article{feller2015hierarchical,
  title={Hierarchical models for causal effects},
  author={Feller, Avi and Gelman, Andrew},
  journal={Emerging Trends in the Social and Behavioral Sciences: An interdisciplinary, searchable, and linkable resource},
  pages={1--16},
  year={2015},
  publisher={Citeseer}
}

@article{bojinov2021panel,
  title={Panel experiments and dynamic causal effects: A finite population perspective},
  author={Bojinov, Iavor and Rambachan, Ashesh and Shephard, Neil},
  journal={Quantitative Economics},
  volume={12},
  number={4},
  pages={1171--1196},
  year={2021},
  publisher={Wiley Online Library}
}

@article{bernas2018brain,
  title={Brain resting-state networks in adolescents with high-functioning autism: Analysis of spatial connectivity and temporal neurodynamics},
  author={Bernas, Antoine and Barendse, Evelien M and Aldenkamp, Albert P and Backes, Walter H and Hofman, Paul AM and Hendriks, Marc PH and Kessels, Roy PC and Willems, Frans MJ and de With, Peter HN and Zinger, Svitlana and others},
  journal={Brain and behavior},
  volume={8},
  number={2},
  pages={e00878},
  year={2018},
  publisher={Wiley Online Library}
}

@article{snyder2020behavioural,
  title={Behavioural profiling of autism connectivity abnormalities},
  author={Snyder, William and Troiani, Vanessa},
  journal={BJPsych Open},
  volume={6},
  number={1},
  year={2020},
  publisher={Cambridge University Press}
}

